@book{tade93,
author = {Tadeusiewicz, R.},
title = {Sieci Neuronowe},
year = {1993},
publisher = {Akademia Oficyna Wydawnicza, Warszawa},
location = {Warszawa},
}

@book{nncontrol,
author = {Tadeusiewicz, R.},
title = {Neural Network Control of Robot Manipulators and Nonlinear Systems},
year = {1993},
publisher = {Akademia Oficyna Wydawnicza, Warszawa},
location = {Warszawa},
}

@article{Dong-Wan,
author = {Dong-Wan Yoo and Hyon-Dong Oh and Dae-Yeon Won and Min-Jea Tahk},
title = {Dynamic {M}odeling and {C}ontrol {S}ystem {D}esign for {T}ri-rotor {UAV}},
journal = {Department of Aerospace Engineering, Korea Advanced Institute of Science and Technology},
year = {2010},
pages = {762-767},
}

@thesis{inz,
author = {\'Zrebiec, J. and Włodarz, R.},
title = {Laboratoryjny model Tricoptera},
type = {Praca dyplomowa inżynierska},
institution = {AGH},
year = {2013},
location = {Kraków}
}